@article{hsiang2017estimating,
  title={Estimating economic damage from climate change in the United States},
  author={Hsiang, Solomon and Kopp, Robert and Jina, Amir and Rising, James and Delgado, Michael and Mohan, Shashank and Rasmussen, DJ and Muir-Wood, Robert and Wilson, Paul and Oppenheimer, Michael and others},
  journal={Science},
  volume={356},
  number={6345},
  pages={1362--1369},
  year={2017},
  publisher={American Association for the Advancement of Science}
}

@article{gasparrini2017projections,
  title={Projections of temperature-related excess mortality under climate change scenarios},
  author={Gasparrini, Antonio and Guo, Yuming and Sera, Francesco and Vicedo-Cabrera, Ana Maria and Huber, Veronika and Tong, Shilu and Coelho, Micheline de Sousa Zanotti Stagliorio and Saldiva, Paulo Hilario Nascimento and Lavigne, Eric and Correa, Patricia Matus and others},
  journal={The Lancet Planetary Health},
  volume={1},
  number={9},
  pages={e360--e367},
  year={2017},
  publisher={Elsevier}
}


@article{silva2017future,
  title={Future global mortality from changes in air pollution attributable to climate change},
  author={Silva, Raquel A and West, J Jason and Lamarque, Jean-Fran{\c{c}}ois and Shindell, Drew T and Collins, William J and Faluvegi, Greg and Folberth, Gerd A and Horowitz, Larry W and Nagashima, Tatsuya and Naik, Vaishali and others},
  journal={Nature Climate Change},
  volume={7},
  number={9},
  pages={647},
  year={2017},
  publisher={Nature Publishing Group}
}

@article{rigaud2018groundswell,
  title={Groundswell: Preparing for Internal Climate Migration},
  author={Rigaud, Kanta Kumari and De Sherbinin, Alexander M and Jones, Bryan and Bergmann, Jonas and Clement, Viviane and Ober, Kayly and Schewe, Jacob and Adamo, Susana Beatriz and McCusker, Brent and Heuser, Silke and others},
  year={2018},
  publisher={World Bank}
}

@article{gerland2014world,
  title={World population stabilization unlikely this century},
  author={Gerland, Patrick and Raftery, Adrian E and {\v{S}}ev{\v{c}}{\'\i}kov{\'a}, Hana and Li, Nan and Gu, Danan and Spoorenberg, Thomas and Alkema, Leontine and Fosdick, Bailey K and Chunn, Jennifer and Lalic, Nevena and others},
  journal={Science},
  volume={346},
  number={6206},
  pages={234--237},
  year={2014},
  publisher={American Association for the Advancement of Science}
}

@article{staddon2014climate,
  title={Climate warming will not decrease winter mortality},
  author={Staddon, Philip L and Montgomery, Hugh E and Depledge, Michael H},
  journal={Nature Climate Change},
  volume={4},
  number={3},
  pages={190},
  year={2014},
  publisher={Nature Publishing Group}
}

@article{rosenzweig2010cities,
  title={Cities lead the way in climate--change action},
  author={Rosenzweig, Cynthia and Solecki, William and Hammer, Stephen A and Mehrotra, Shagun},
  journal={Nature},
  volume={467},
  number={7318},
  pages={909},
  year={2010},
  publisher={Nature Publishing Group}
}

@article{kendon2014heavier,
  title={Heavier summer downpours with climate change revealed by weather forecast resolution model},
  author={Kendon, Elizabeth J and Roberts, Nigel M and Fowler, Hayley J and Roberts, Malcolm J and Chan, Steven C and Senior, Catherine A},
  journal={Nature Climate Change},
  volume={4},
  number={7},
  pages={570},
  year={2014},
  publisher={Nature Publishing Group}
}

@article{aastrom2013attributing,
  title={Attributing mortality from extreme temperatures to climate change in Stockholm, Sweden},
  author={{\AA}str{\"o}m, Daniel Oudin and Forsberg, Bertil and Ebi, Kristie L and Rockl{\"o}v, Joacim},
  journal={Nature climate change},
  volume={3},
  number={12},
  pages={1050},
  year={2013},
  publisher={Nature Publishing Group}
}
@book{pace2013revision,
  title={Revision of the European Standard Population: report of Eurostat's task force},
  author={Pace, Monica and Lanzieri, Giampaolo and Glickman, Myer and Zupani{\v{c}}, Tina},
  year={2013},
  publisher={Publications Office of the European Union}
}

@article{ramos2015daily,
  title={Daily precipitation extreme events in the Iberian Peninsula and its association with atmospheric rivers},
  author={Ramos, Alexandre M and Trigo, Ricardo M and Liberato, Margarida LR and Tom{\'e}, Ricardo},
  journal={Journal of Hydrometeorology},
  volume={16},
  number={2},
  pages={579--597},
  year={2015}
}

@article{nicholls2011sea,
  title={Sea-level rise and its possible impacts given a beyond 4 C world in the twenty-first century},
  author={Nicholls, Robert J and Marinova, Natasha and Lowe, Jason A and Brown, Sally and Vellinga, Pier and De Gusmao, Diogo and Hinkel, Jochen and Tol, Richard SJ},
  journal={Philosophical Transactions of the Royal Society of London A: Mathematical, Physical and Engineering Sciences},
  volume={369},
  number={1934},
  pages={161--181},
  year={2011},
  publisher={The Royal Society}
}

@article{hauer2016millions,
  title={Millions projected to be at risk from sea-level rise in the continental United States},
  author={Hauer, Mathew E and Evans, Jason M and Mishra, Deepak R},
  journal={Nature Climate Change},
  volume={6},
  number={7},
  pages={691--695},
  year={2016},
  publisher={Nature Research}
}

@article{hauer2017migration,
  title={Migration induced by sea-level rise could reshape the US population landscape},
  author={Hauer, Mathew E},
  journal={Nature Climate Change},
  volume={7},
  pages={321--325},
  year={2017}
}

@article{forzieri2017increasing,
  title={Increasing risk over time of weather-related hazards to the European population: a data-driven prognostic study},
  author={Forzieri, Giovanni and Cescatti, Alessandro and e Silva, Filipe Batista and Feyen, Luc},
  journal={The Lancet Planetary Health},
  volume={1},
  number={5},
  pages={e200--e208},
  year={2017},
  publisher={Elsevier}
}

@book{pachauri2014climate,
  title={Climate change 2014: synthesis report. Contribution of Working Groups I, II and III to the fifth assessment report of the Intergovernmental Panel on Climate Change},
  author={Pachauri, Rajendra K and Allen, Myles R and Barros, Vicente R and Broome, John and Cramer, Wolfgang and Christ, Renate and Church, John A and Clarke, Leon and Dahe, Qin and Dasgupta, Purnamita and others},
  year={2014},
  publisher={IPCC}
}

@article{melillo2014climate,
  title={Climate change impacts in the United States},
  author={Melillo, Jerry M and Richmond, TT and Yohe, G},
  journal={Third National Climate Assessment},
  year={2014}
}

@article{cloyd2016engagement,
  title={Engagement in the Third US National Climate Assessment: commitment, capacity, and communication for impact},
  author={Cloyd, Emily and Moser, Susanne C and Maibach, Edward and Maldonado, Julie and Chen, Tinqiao},
  journal={Climatic change},
  volume={135},
  number={1},
  pages={39--54},
  year={2016},
  publisher={Springer}
}

@article{barnett2007climate,
  title={Climate change, human security and violent conflict},
  author={Barnett, Jon and Adger, W Neil},
  journal={Political geography},
  volume={26},
  number={6},
  pages={639--655},
  year={2007},
  publisher={Elsevier}
}

@article{wilson2017climate,
  title={Climate change impacts on projections of excess mortality at 2030 using spatially varying ozone--temperature risk surfaces},
  author={Wilson, Ander and Reich, Brian J and Nolte, Christopher G and Spero, Tanya L and Hubbell, Bryan and Rappold, Ana G},
  journal={Journal of Exposure Science and Environmental Epidemiology},
  volume={27},
  number={1},
  pages={118--124},
  year={2017},
  publisher={Nature Publishing Group}
}

@article{mcmichael2006climate,
  title={Climate change and human health: present and future risks},
  author={McMichael, Anthony J and Woodruff, Rosalie E and Hales, Simon},
  journal={The Lancet},
  volume={367},
  number={9513},
  pages={859--869},
  year={2006},
  publisher={Elsevier}
}

@article{zanobetti2012summer,
  title={Summer temperature variability and long-term survival among elderly people with chronic disease},
  author={Zanobetti, Antonella and O'neill, Marie S and Gronlund, Carina J and Schwartz, Joel D},
  journal={Proceedings of the National Academy of Sciences},
  volume={109},
  number={17},
  pages={6608--6613},
  year={2012},
  publisher={National Acad Sciences}
}


@article{samir2017human,
  title={The human core of the shared socioeconomic pathways: Population scenarios by age, sex and level of education for all countries to 2100},
  author={Samir, KC and Lutz, Wolfgang},
  journal={Global Environmental Change},
  volume={42},
  pages={181--192},
  year={2017},
  publisher={Elsevier}
}

@article{jiang2014internal,
  title={Internal consistency of demographic assumptions in the shared socioeconomic pathways},
  author={Jiang, Leiwen},
  journal={Population and environment},
  volume={35},
  number={3},
  pages={261--285},
  year={2014},
  publisher={Springer}
}

@article{o2017roads,
  title={The roads ahead: narratives for shared socioeconomic pathways describing world futures in the 21st century},
  author={Oâ€™Neill, Brian C and Kriegler, Elmar and Ebi, Kristie L and Kemp-Benedict, Eric and Riahi, Keywan and Rothman, Dale S and van Ruijven, Bas J and van Vuuren, Detlef P and Birkmann, Joern and Kok, Kasper and others},
  journal={Global Environmental Change},
  volume={42},
  pages={169--180},
  year={2017},
  publisher={Elsevier}
}

@article{HMD,
   author = {Human Mortality Database},
   title = {University of California, Berkeley (USA), and Max Planck Institute for Demographic Research (Germany)},
   pages = {Available at www.mortality.org or www.humanmortality.de, (data downloaded on 1 August 2017)},
   year = {2017},
   type = {Journal Article}
}

@article{GBD,
   author = {Global Burden of Disease Study 2015},
   title = {lobal Burden of Disease Study 2015 (GBD 2015) Results},
   pages = {Seattle, United States: Institute for Health Metrics and Evaluation (IHME), 2016.
Available from http://ghdx.healthdata.org/gbd-results-tool.
For terms and conditions of use, please visit http://www.healthdata.org/about/terms-and-conditions},
   year = {2017},
   type = {Journal Article}
}



@book{wunsch2013life,
  title={The life table: modelling survival and death},
  author={Wunsch, Guillaume and Mouchart, Michel and Duch{\^e}ne, Josianne},
  volume={11},
  year={2013},
  publisher={Springer Science \& Business Media}
}

@article{brand2005approximations,
  title={Approximations and Heuristics for the 'Cause-Modified' Life Table},
  author={Brand, Kevin P},
  journal={Risk analysis},
  volume={25},
  number={3},
  pages={695--709},
  year={2005},
  publisher={Wiley Online Library}
}

@article{beltran2008integrated,
  title={An integrated approach to cause-of-death analysis: cause-deleted life tables and decompositions of life expectancy},
  author={Beltr{\'a}n-S{\'a}nchez, Hiram and Preston, Samuel H and Canudas-Romo, Vladimir},
  journal={Demographic research},
  volume={19},
  pages={1323},
  year={2008},
  publisher={NIH Public Access}
}

@article{arias2013united,
  title={United States life tables eliminating certain causes of death, 1999-2001.},
  author={Arias, Elizabeth and Heron, Melonie and Tejada-Vera, Betzaida},
  journal={National vital statistics reports: from the Centers for Disease Control and Prevention, National Center for Health Statistics, National Vital Statistics System},
  volume={61},
  number={9},
  pages={1--128},
  year={2013}
}

@book{world2015world,
  title={World health statistics 2015},
  author={World Health Organization},
  year={2015},
  publisher={World Health Organization}
}

@article{marmot2012building,
  title={Building of the global movement for health equity: from Santiago to Rio and beyond},
  author={Marmot, Michael and Allen, Jessica and Bell, Ruth and Goldblatt, Peter},
  journal={The Lancet},
  volume={379},
  number={9811},
  pages={181--188},
  year={2012},
  publisher={Elsevier}
}

@article{salomon2012healthy,
  title={Healthy life expectancy for 187 countries, 1990--2010: a systematic analysis for the Global Burden Disease Study 2010},
  author={Salomon, Joshua A and Wang, Haidong and Freeman, Michael K and Vos, Theo and Flaxman, Abraham D and Lopez, Alan D and Murray, Christopher JL},
  journal={The Lancet},
  volume={380},
  number={9859},
  pages={2144--2162},
  year={2012},
  publisher={Elsevier}
}

@article{parrish2010peer,
  title={Peer reviewed: Measuring population health outcomes},
  author={Parrish, R Gibson},
  journal={Preventing chronic disease},
  volume={7},
  number={4},
  year={2010},
  publisher={Centers for Disease Control and Prevention}
}

@article{keatinge2000heat,
  title={Heat related mortality in warm and cold regions of Europe: observational study},
  author={Keatinge, WR and Donaldson, GC and Cordioli, Elvira and Martinelli, M and Kunst, AE and Mackenbach, JP and Nayha, S and Vuori, I},
  journal={Bmj},
  volume={321},
  number={7262},
  pages={670--673},
  year={2000},
  publisher={British Medical Journal Publishing Group}
}

@article{patz2005impact,
  title={Impact of regional climate change on human health},
  author={Patz, Jonathan A and Campbell-Lendrum, Diarmid and Holloway, Tracey and Foley, Jonathan A},
  journal={Nature},
  volume={438},
  number={7066},
  pages={310},
  year={2005},
  publisher={Nature publishing group}
}

@article{lee2017comprehensive,
  title={Comprehensive assessment of climate change risks},
  author={Lee, Jae Young and Kim, Ho},
  journal={The Lancet Planetary Health},
  volume={1},
  number={5},
  pages={e166--e167},
  year={2017},
  publisher={Elsevier}
}

@article{haines2006climate,
  title={Climate change and human health: impacts, vulnerability and public health},
  author={Haines, Andy and Kovats, R Sari and Campbell-Lendrum, Diarmid and Corval{\'a}n, Carlos},
  journal={Public health},
  volume={120},
  number={7},
  pages={585--596},
  year={2006},
  publisher={Elsevier}
}

@book{kovats2003methods,
  title={Methods of assessing human health vulnerability and public health adaptation to climate change},
  author={Kovats, RS and Ebi, K and Menne, Bettina and Campbell-Lendrum, Diarmid and Canziani, OF and Githeko, A and Kuhn, K and Le Sueur, D and Martens, P and McMichael, AJ and others},
  year={2003},
  publisher={WHOHealth CanadaUNEPWMO}
}

@article{ebi2006approach,
  title={An approach for assessing human health vulnerability and public health interventions to adapt to climate change},
  author={Ebi, Kristie L and Kovats, R Sari and Menne, Bettina},
  journal={Environmental health perspectives},
  volume={114},
  number={12},
  pages={1930},
  year={2006},
  publisher={National Institute of Environmental Health Science}
}

@article{rechel2009can,
  title={How can health systems respond to population ageing},
  author={Rechel, Berndl and Doyle, Yvonne and Grundy, Emily and McKee, Martin and World Health Organization and others},
  year={2009},
  publisher={Copenhagen: WHO Regional Office for Europe}
}

@article{oeppen2002broken,
  title={Broken limits to life expectancy},
  author={Oeppen, Jim and Vaupel, James W},
  journal={Science},
  volume={296},
  number={5570},
  pages={1029--1031},
  year={2002},
  publisher={American Association for the Advancement of Science}
}

@article{wang2012age,
  title={Age-specific and sex-specific mortality in 187 countries, 1970--2010: a systematic analysis for the Global Burden of Disease Study 2010},
  author={Wang, Haidong and Dwyer-Lindgren, Laura and Lofgren, Katherine T and Rajaratnam, Julie Knoll and Marcus, Jacob R and Levin-Rector, Alison and Levitz, Carly E and Lopez, Alan D and Murray, Christopher JL},
  journal={The Lancet},
  volume={380},
  number={9859},
  pages={2071--2094},
  year={2012},
  publisher={Elsevier}
}


@article{abel2016meeting,
  title={Meeting the Sustainable Development Goals leads to lower world population growth},
  author={Abel, Guy J and Barakat, Bilal and Samir, KC and Lutz, Wolfgang},
  journal={Proceedings of the National Academy of Sciences},
  volume={113},
  number={50},
  pages={14294--14299},
  year={2016},
  publisher={National Acad Sciences}
}

@article{weon2012trends,
  title={Trends in scale and shape of survival curves},
  author={Weon, Byung Mook and Je, Jung Ho},
  journal={Scientific reports},
  volume={2},
  year={2012},
  publisher={Nature Publishing Group}
}